@misc{akkaSite,
  title = {Akka's site},
  howpublished = "\url{https://akka.io/docs/}",
}

@misc{AmazonCorrettoSite,
	title = {Amazon corretto's site},
	howpublished = "\url{https://aws.amazon.com/it/corretto/}",
}

@misc{GradleShadowSite,
	title = {Gradle shadow's site},
	howpublished = "\url{https://imperceptiblethoughts.com/shadow/}",
}

% Optional fields: volume/number, series, address, edition, month, note
@BOOK{functionalScala:2014,
  author = {P. Chiusano and R. Bjarnason},
  title = {Functional Programming in Scala},
  publisher = {Mannings},
  year = {2014}
}

@BOOK{scalaCats:2014,
  author = {N. Welsh and D. Gurnell},
  title = {Scala with Cats},
  publisher = {Underscore Consulting LLP, Brighton, UK},
  year = {2020}
}

@BOOK{scalaCook:2014,
  author = {A. Alexander},
  title = {Scala Cookbook},
  publisher = {O'Reilly},
  year = {2020}
}

@BOOK{scalaBook:2014,
  author = {M. Odersky, L. Spoon, B. Venners},
  title = {Programming in Scala},
  publisher = {Artima},
  year = {2016}
}

